2045 3294
308 218 577 266 ‘debellari
614 218 933 282 obtinerique
978 220 1280 268 Hiberniam
1318 237 1497 283 posse:
1536 221 1690 284 idque
1733 221 1888 268 etiam

310 301 583 349 ‘adversus
623 302 948 349 Britanniam
986 302 1416 365 prefuti'irum-—si
1444 302 1678 351 Remana
1702 302 1891 365 ubique

308 382 555 447 ‘[essent]
577 400 733 442 arma,
756 392 807 432 et
825 385 965 432 velut
991 402 1017 432 e
1044 393 1323 447 conspectu
1350 384 1557 432 libertas
1583 384 1888 432 tolleretur’.

441 466 602 513 XXV.
657 467 933 514 Caeterum
954 466 1169 524 aestate,
1189 466 1290 529 qua
1310 474 1507 513 sextum
1529 466 1680 514 officii
1700 483 1890 514 annum

309 547 600 606 inchoabat,
641 549 904 612 amplexus
952 548 1184 596 civitates
1231 556 1371 596 trans
1421 548 1724 597 Bodotriam
1767 549 1892 596 sitas

309 628 452 692 (quia
509 630 676 678 metus
734 630 1079 678 universarum
1140 630 1272 678 ultra
1318 630 1547 694 gentium
1569 647 1578 656 ·
1600 640 1651 679 et
1709 630 1894 678 infesta

308 711 507 759 hostilis
566 713 814 760 exercitas
872 713 1056 760 itinera
1103 712 1453 776 timebantur),
1501 712 1676 776 portus
1731 713 1893 760 classe

309 794 602 857 exploravit.
689 796 851 857 Quae,
900 794 966 842 ab
1008 794 1243 857 Agricola
1284 796 1501 857 primum
1542 802 1808 858 assumpta
1843 795 1893 841 in

309 884 507 938 partem
532 878 729 935 virium,
757 876 1064 939 sequebatur
1088 876 1286 940 egregia
1312 876 1479 939 specie
1510 894 1519 935 ;
1559 893 1716 939 quum
1744 877 1895 924 simul

310 959 441 1007 terra
463 975 472 984 ·
492 960 641 1006 simul
668 959 793 1006 mari
820 959 1007 1006 bellum
1036 958 1409 1021 impelleretur3
1449 976 1508 1006 ac
1534 976 1687 1021 saepe
1713 958 1895 1006 iisdem

311 1043 489 1089 castris
513 1058 521 1066 ·
541 1042 697 1104 pedes
735 1042 992 1104 equesque
1018 1050 1069 1088 et
1095 1041 1331 1089 nauticus
1371 1042 1530 1098 miles,
1557 1041 1701 1088 mixti
1737 1040 1896 1103 cepiis

311 1132 362 1171 et
405 1123 614 1182 laetitia,
642 1141 734 1171 sua
773 1124 989 1186 quisque
1032 1123 1199 1171 facta·
1228 1140 1345 1170 suos
1385 1123 1530 1171 casus
1572 1123 1894 1181 attollerent;

311 1223 370 1253 ac
397 1207 551 1254 modo
577 1206 816 1253 silvarum
843 1223 903 1253 ac
930 1207 1182 1253 montium
1209 1205 1474 1268 profunda,
1497 1205 1652 1253 modo
1677 1214 1897 1268 tempes-

312 1289 479 1337 tatum
517 1306 576 1336 ac
613 1289 863 1336 fluctuum
890 1288 1118 1346 adversa,
1146 1288 1263 1335 hinc
1300 1296 1433 1335 terra
1469 1296 1519 1335 et
1562 1287 1739 1344 hostis,
1779 1287 1898 1334 hinc

310 1372 475 1419 victus
501 1371 736 1428 eceanus,
765 1370 968 1418 militari
989 1370 1242 1434 jactantia
1284 1370 1715 1432 compararentur.
1787 1369 1898 1416 Bri-

311 1463 498 1502 tannos
535 1471 740 1516 quoque
767 1455 844 1518 (ut
870 1470 930 1500 ex
956 1454 1171 1516 captivis
1208 1452 1529 1515 audiebatur)
1568 1453 1678 1500 visa
1719 1452 1897 1499 classis

312 1536 789 1599 obstupefaciebat;
832 1545 1115 1598 tamquam,
1154 1544 1332 1598 aperto
1374 1535 1527 1582 maris
1567 1535 1644 1582 sui
1687 1533 1896 1591 secreto,

312 1619 550 1666 ultimum
586 1619 734 1665 victis
773 1618 1056 1681 perfugium
1100 1617 1437 1665 clauderetur.
1507 1616 1587 1664 Ad
1630 1616 1810 1664 manas
1849 1624 1900 1663 et

312 1718 454 1749 arma
501 1702 768 1748 conversi·
797 1700 1444 1749 Caledoniam-incolentes
1486 1700 1675 1762 populi,
1717 1698 1897 1762 paratu

313 1801 500 1847 magno
521 1800 530 1809 ·
549 1783 741 1847 majere
767 1782 901 1830 fama
927 1783 1020 1847 (uti
1047 1800 1157 1830 mos
1183 1791 1260 1830 est
1285 1783 1349 1830 de
1375 1782 1582 1845 ignotis)
1607 1781 1900 1844 oppugnare

313 1867 445 1914 ultro
471 1867 738 1914 castellum
766 1866 946 1922 adorti,
974 1874 1169 1913 metum
1193 1882 1202 1891 ·
1225 1874 1280 1913 ut
1317 1865 1655 1928 prevocantes
1689 1863 1899 1911 addide-

314 1957 456 1996 rant:
497 1948 1020 2011 ‘regrediendumque
1058 1947 1183 1995 citra
1224 1947 1525 1995 Bodotriam
1564 1954 1614 1994 et
1656 1945 1899 1993 exceden-

313 2031 436 2079 dum
459 2047 468 2055 ·
490 2031 659 2094 potius
686 2031 841 2093 quam
879 2031 1187 2094 pellerentur
1205 2033 1232 2088 ’,
1260 2029 1455 2093 ignavi·
1478 2027 1646 2092 specie
1685 2027 1901 2091 pruden-

314 2114 442 2161 tium
492 2113 880 2171 admonebant3
942 2130 1101 2176 quum
1150 2113 1351 2160 interim
1400 2111 1678 2175 cognoscit,
1728 2111 1901 2158 hostes

314 2195 540 2258 pluribus
558 2196 846 2258 agminibus
863 2195 1156 2258 irrupturos.
1205 2195 1280 2242 Ac
1298 2211 1360 2241 ne
1377 2202 1650 2257 superante
1668 2209 1878 2240 numero
1891 2207 1901 2217 ·

314 2288 364 2326 et
402 2278 581 2341 peritia
623 2278 850 2326 locerum
888 2277 1251 2335 circumiretur,
1287 2277 1448 2324 diviso
1485 2285 1535 2324 et
1569 2277 1676 2339 ipse
1713 2276 1763 2322 in
1800 2284 1902 2323 tres

314 2370 484 2424 partes
511 2361 734 2408 exercitu
753 2377 761 2385 ·
781 2361 1003 2408 incessit.

447 2444 638 2491 XXVI.
711 2443 865 2505 Quod
891 2443 978 2490 ubi
1004 2442 1266 2506 cognitum
1288 2443 1420 2489 hosti
1444 2459 1453 2500 ;
1480 2441 1676 2489 mutato
1696 2440 1903 2504 repente

315 2525 808 2583 consilioffmiversi,
848 2525 1035 2574 nenam
1073 2526 1326 2588 legionem
1366 2524 1444 2588 (ut
1482 2522 1699 2571 maxime
1726 2523 1901 2570 invali-

316 2608 459 2672 dam)
499 2616 649 2655 nocte
691 2608 928 2672 aggressi,
963 2609 1095 2656 inter
1133 2624 1371 2655 somnum
1409 2624 1469 2655 ac
1508 2605 1901 2669 trepidationem

316 2691 500 2755 (caesis
545 2690 801 2753 vigilibus)
853 2689 1087 2753 irrupere.
1173 2690 1394 2755 Jamque
1443 2689 1492 2735 in
1541 2689 1663 2751 ipsis
1722 2689 1901 2735 castris

316 2772 644 2837 pugnabant;
693 2789 851 2836 quum
888 2773 1142 2836 Agricola,
1172 2773 1267 2820 iter
1308 2772 1535 2819 hostium
1575 2771 1641 2818 ab
1677 2769 1901 2833 explera-

316 2855 512 2903 teribus
560 2854 774 2902 edoctus
813 2863 901 2902 ‘et
947 2855 1173 2918 vestigiis
1232 2853 1508 2911 insecutus,
1556 2852 1903 2900 velecissimos

317 2938 548 3001 equitum
575 2937 910 3001 peditumque
924 2954 932 2962 ·
946 2937 1193 2985 assultare
1214 2937 1366 3000 tergis
1386 2935 1725 2999 pugnantium
1742 2934 1902 2998 jubet.

1091 3048 1142 3086 24
