<?xml version="1.0" encoding="UTF-8"?>
<!DOCTYPE html PUBLIC "-//W3C//DTD XHTML 1.0 Transitional//EN"
    "http://www.w3.org/TR/xhtml1/DTD/xhtml1-transitional.dtd">
<html xmlns="http://www.w3.org/1999/xhtml" xml:lang="en" lang="en">
 <head>
  <title>
</title>
<meta http-equiv="Content-Type" content="text/html;charset=utf-8" />
  <meta name='ocr-system' content='tesseract 3.04.00' />
  <meta name='ocr-capabilities' content='ocr_page ocr_carea ocr_par ocr_line ocrx_word'/>
</head>
<body>
  <div class='ocr_page' id='page_1' title='image "./cnjliiagricola00taciuoft/cnjliiagricola00taciuoft_0024.png"; bbox 0 0 2045 3294; ppageno 0'>
   <div class='ocr_carea' id='block_1_1' title="bbox 308 206 1883 352">
    <p class='ocr_par' dir='ltr' id='par_1_1' title="bbox 308 206 1883 352">
     <span class='ocr_line' id='line_1_1' title="bbox 311 206 1883 273; baseline 0.003 -20"><span class='ocrx_word' id='word_1_1' title='bbox 311 206 525 254; x_wconf 91' lang='lat' dir='ltr'>Monam</span> <span class='ocrx_word' id='word_1_2' title='bbox 585 207 803 254; x_wconf 91' lang='lat' dir='ltr'>insulam</span> <span class='ocrx_word' id='word_1_3' title='bbox 853 206 929 271; x_wconf 90' lang='lat' dir='ltr'>(ut</span> <span class='ocrx_word' id='word_1_4' title='bbox 976 208 1106 254; x_wconf 78' lang='lat' dir='ltr'>vires</span> <span class='ocrx_word' id='word_1_5' title='bbox 1160 207 1432 256; x_wconf 82' lang='lat' dir='ltr'>rebellibus</span> <span class='ocrx_word' id='word_1_6' title='bbox 1491 209 1883 273; x_wconf 81' lang='lat' dir='ltr'>ministrantem)</span> 
     </span>
     <span class='ocr_line' id='line_1_2' title="bbox 308 288 1321 352; baseline 0 -16"><span class='ocrx_word' id='word_1_7' title='bbox 308 304 589 352; x_wconf 79' lang='lat' dir='ltr'>aggressus,</span> <span class='ocrx_word' id='word_1_8' title='bbox 615 296 757 352; x_wconf 85' lang='lat' dir='ltr'>terga</span> <span class='ocrx_word' id='word_1_9' title='bbox 781 288 1037 336; x_wconf 90' lang='lat' dir='ltr'>occasioni</span> <span class='ocrx_word' id='word_1_10' title='bbox 1063 288 1321 352; x_wconf 74' lang='lat' dir='ltr'>patefecit.</span> 
     </span>
    </p>
   </div>
   <div class='ocr_carea' id='block_1_2' title="bbox 310 402 1907 2591">
    <p class='ocr_par' dir='ltr' id='par_1_2' title="bbox 310 402 1907 2591">
     <span class='ocr_line' id='line_1_3' title="bbox 444 402 1886 466; baseline 0.001 -16"><span class='ocrx_word' id='word_1_11' title='bbox 444 403 555 450; x_wconf 90' lang='lat' dir='ltr'>XV.</span> <span class='ocrx_word' id='word_1_12' title='bbox 629 404 869 466; x_wconf 88' lang='lat' dir='ltr'>Namque</span> <span class='ocrx_word' id='word_1_13' title='bbox 928 403 1183 466; x_wconf 89' lang='lat' dir='ltr'>(absentia</span> <span class='ocrx_word' id='word_1_14' title='bbox 1247 402 1660 466; x_wconf 81' lang='lat' dir='ltr'>legati·rem6to</span> <span class='ocrx_word' id='word_1_15' title='bbox 1729 404 1886 466; x_wconf 92' lang='lat' dir='ltr'>metu)</span> 
     </span>
     <span class='ocr_line' id='line_1_4' title="bbox 313 484 1893 548; baseline 0.001 -17"><span class='ocrx_word' id='word_1_16' title='bbox 313 484 549 531; x_wconf 88' lang='lat' dir='ltr'>Britanni</span> <span class='ocrx_word' id='word_1_17' title='bbox 610 485 800 548; x_wconf 85' lang='lat' dir='ltr'>agitare</span> <span class='ocrx_word' id='word_1_18' title='bbox 862 485 993 532; x_wconf 91' lang='lat' dir='ltr'>inter</span> <span class='ocrx_word' id='word_1_19' title='bbox 1040 502 1094 532; x_wconf 89' lang='lat' dir='ltr'>se</span> <span class='ocrx_word' id='word_1_20' title='bbox 1143 485 1279 532; x_wconf 90' lang='lat' dir='ltr'>mala</span> <span class='ocrx_word' id='word_1_21' title='bbox 1338 485 1608 543; x_wconf 68' lang='lat' dir='ltr'>serviffiffis,</span> <span class='ocrx_word' id='word_1_22' title='bbox 1671 486 1893 533; x_wconf 87' lang='lat' dir='ltr'>conferre</span> 
     </span>
     <span class='ocr_line' id='line_1_5' title="bbox 310 566 1893 631; baseline 0.001 -18"><span class='ocrx_word' id='word_1_23' title='bbox 310 566 518 630; x_wconf 69' lang='lat' dir='ltr'>inji&#39;irias</span> <span class='ocrx_word' id='word_1_24' title='bbox 546 583 554 592; x_wconf 93' lang='lat'><strong>·</strong></span> <span class='ocrx_word' id='word_1_25' title='bbox 583 576 634 615; x_wconf 93' lang='lat' dir='ltr'>et</span> <span class='ocrx_word' id='word_1_26' title='bbox 680 567 1065 630; x_wconf 88' lang='lat' dir='ltr'>interpretando</span> <span class='ocrx_word' id='word_1_27' title='bbox 1113 567 1407 615; x_wconf 88' lang='lat' dir='ltr'>accendere.</span> <span class='ocrx_word' id='word_1_28' title='bbox 1480 568 1660 615; x_wconf 93' lang='lat' dir='ltr'>‘Nihil</span> <span class='ocrx_word' id='word_1_29' title='bbox 1719 568 1893 631; x_wconf 82' lang='lat' dir='ltr'>profici</span> 
     </span>
     <span class='ocr_line' id='line_1_6' title="bbox 313 649 1894 712; baseline 0 -16"><span class='ocrx_word' id='word_1_30' title='bbox 313 649 606 711; x_wconf 88' lang='lat' dir='ltr'>‘patientia,</span> <span class='ocrx_word' id='word_1_31' title='bbox 636 650 731 696; x_wconf 91' lang='lat' dir='ltr'>nisi</span> <span class='ocrx_word' id='word_1_32' title='bbox 758 658 813 697; x_wconf 89' lang='lat' dir='ltr'>ut</span> <span class='ocrx_word' id='word_1_33' title='bbox 838 650 1098 712; x_wconf 83' lang='lat' dir='ltr'>graviora·</span> <span class='ocrx_word' id='word_1_34' title='bbox 1123 657 1389 712; x_wconf 86' lang='lat' dir='ltr'>tamquam</span> <span class='ocrx_word' id='word_1_35' title='bbox 1427 649 1646 697; x_wconf 84' lang='lat' dir='ltr'>ex-facili</span> <span class='ocrx_word' id='word_1_36' title='bbox 1676 651 1894 697; x_wconf 89' lang='lat' dir='ltr'>toleran-</span> 
     </span>
     <span class='ocr_line' id='line_1_7' title="bbox 314 730 1890 795; baseline 0.001 -18"><span class='ocrx_word' id='word_1_37' title='bbox 314 730 478 778; x_wconf 90' lang='lat' dir='ltr'>‘tibus</span> <span class='ocrx_word' id='word_1_38' title='bbox 526 732 852 794; x_wconf 87' lang='lat' dir='ltr'>imperentur.</span> <span class='ocrx_word' id='word_1_39' title='bbox 937 731 1165 793; x_wconf 78' lang='lat' dir='ltr'>Singulos</span> <span class='ocrx_word' id='word_1_40' title='bbox 1213 731 1308 778; x_wconf 89' lang='lat' dir='ltr'>sibi</span> <span class='ocrx_word' id='word_1_41' title='bbox 1356 731 1476 779; x_wconf 78' lang='lat' dir='ltr'>olim</span> <span class='ocrx_word' id='word_1_42' title='bbox 1524 731 1665 795; x_wconf 85' lang='lat' dir='ltr'>reges</span> <span class='ocrx_word' id='word_1_43' title='bbox 1713 731 1890 779; x_wconf 89' lang='lat' dir='ltr'>fuisse:</span> 
     </span>
     <span class='ocr_line' id='line_1_8' title="bbox 313 811 1894 877; baseline 0 -17"><span class='ocrx_word' id='word_1_44' title='bbox 313 816 478 860; x_wconf 91' lang='lat' dir='ltr'>‘nunc</span> <span class='ocrx_word' id='word_1_45' title='bbox 515 811 643 860; x_wconf 73' lang='lat' dir='ltr'>binos</span> <span class='ocrx_word' id='word_1_46' title='bbox 682 813 907 876; x_wconf 80' lang='lat' dir='ltr'>impeni;</span> <span class='ocrx_word' id='word_1_47' title='bbox 959 830 986 860; x_wconf 94' lang='lat' dir='ltr'>e</span> <span class='ocrx_word' id='word_1_48' title='bbox 1025 813 1211 876; x_wconf 89' lang='lat' dir='ltr'>quibus</span> <span class='ocrx_word' id='word_1_49' title='bbox 1254 813 1451 876; x_wconf 82' lang='lat' dir='ltr'>legatus</span> <span class='ocrx_word' id='word_1_50' title='bbox 1490 814 1540 860; x_wconf 89' lang='lat' dir='ltr'>in</span> <span class='ocrx_word' id='word_1_51' title='bbox 1580 814 1894 877; x_wconf 85' lang='lat' dir='ltr'>sanguinem,</span> 
     </span>
     <span class='ocr_line' id='line_1_9' title="bbox 314 895 1896 959; baseline 0 -17"><span class='ocrx_word' id='word_1_52' title='bbox 314 895 638 958; x_wconf 71' lang='lat' dir='ltr'>‘precfirator</span> <span class='ocrx_word' id='word_1_53' title='bbox 696 896 746 942; x_wconf 90' lang='lat' dir='ltr'>in</span> <span class='ocrx_word' id='word_1_54' title='bbox 805 895 953 953; x_wconf 86' lang='lat' dir='ltr'>bona,</span> <span class='ocrx_word' id='word_1_55' title='bbox 1015 897 1245 943; x_wconf 76' lang='lat' dir='ltr'>saeviret.</span> <span class='ocrx_word' id='word_1_56' title='bbox 1355 896 1531 959; x_wconf 87' lang='lat' dir='ltr'>Aeque</span> <span class='ocrx_word' id='word_1_57' title='bbox 1595 895 1896 943; x_wconf 81' lang='lat' dir='ltr'>discordiam</span> 
     </span>
     <span class='ocr_line' id='line_1_10' title="bbox 315 977 1898 1041; baseline 0 -16"><span class='ocrx_word' id='word_1_58' title='bbox 315 977 763 1040; x_wconf 80' lang='lat' dir='ltr'>‘praepositorum,</span> <span class='ocrx_word' id='word_1_59' title='bbox 825 977 984 1040; x_wconf 89' lang='lat' dir='ltr'>aeque</span> <span class='ocrx_word' id='word_1_60' title='bbox 1044 978 1371 1035; x_wconf 78' lang='lat' dir='ltr'>concordiam,</span> <span class='ocrx_word' id='word_1_61' title='bbox 1422 977 1666 1041; x_wconf 78' lang='lat' dir='ltr'>subjectis</span> <span class='ocrx_word' id='word_1_62' title='bbox 1725 978 1898 1025; x_wconf 87' lang='lat' dir='ltr'>exitio-</span> 
     </span>
     <span class='ocr_line' id='line_1_11' title="bbox 315 1060 1895 1118; baseline 0.001 -12"><span class='ocrx_word' id='word_1_63' title='bbox 315 1064 498 1107; x_wconf 80' lang='lat' dir='ltr'>‘samz</span> <span class='ocrx_word' id='word_1_64' title='bbox 562 1061 768 1107; x_wconf 79' lang='lat' dir='ltr'>alterius</span> <span class='ocrx_word' id='word_1_65' title='bbox 817 1060 1156 1116; x_wconf 89' lang='lat' dir='ltr'>centuriones,</span> <span class='ocrx_word' id='word_1_66' title='bbox 1207 1060 1414 1107; x_wconf 77' lang='lat' dir='ltr'>alterius</span> <span class='ocrx_word' id='word_1_67' title='bbox 1470 1077 1654 1118; x_wconf 88' lang='lat' dir='ltr'>servos,</span> <span class='ocrx_word' id='word_1_68' title='bbox 1697 1060 1800 1107; x_wconf 89' lang='lat' dir='ltr'>vim</span> <span class='ocrx_word' id='word_1_69' title='bbox 1845 1068 1895 1108; x_wconf 94' lang='lat' dir='ltr'>et</span> 
     </span>
     <span class='ocr_line' id='line_1_12' title="bbox 317 1142 1899 1205; baseline 0 -17"><span class='ocrx_word' id='word_1_70' title='bbox 317 1142 683 1189; x_wconf 90' lang='lat' dir='ltr'>‘contumelias</span> <span class='ocrx_word' id='word_1_71' title='bbox 743 1142 968 1189; x_wconf 90' lang='lat' dir='ltr'>miscere.</span> <span class='ocrx_word' id='word_1_72' title='bbox 1065 1142 1205 1188; x_wconf 88' lang='lat' dir='ltr'>Nihil</span> <span class='ocrx_word' id='word_1_73' title='bbox 1263 1142 1369 1204; x_wconf 85' lang='lat' dir='ltr'>jam</span> <span class='ocrx_word' id='word_1_74' title='bbox 1432 1142 1716 1205; x_wconf 73' lang='lat' dir='ltr'>cupiditati,</span> <span class='ocrx_word' id='word_1_75' title='bbox 1776 1143 1899 1189; x_wconf 88' lang='lat' dir='ltr'>nihil</span> 
     </span>
     <span class='ocr_line' id='line_1_13' title="bbox 318 1223 1900 1287; baseline 0.001 -17"><span class='ocrx_word' id='word_1_76' title='bbox 318 1224 558 1283; x_wconf 78' lang='lat' dir='ltr'>‘libidini,</span> <span class='ocrx_word' id='word_1_77' title='bbox 619 1232 903 1286; x_wconf 84' lang='lat' dir='ltr'>exceptum.</span> <span class='ocrx_word' id='word_1_78' title='bbox 1000 1225 1059 1271; x_wconf 92' lang='lat' dir='ltr'>In</span> <span class='ocrx_word' id='word_1_79' title='bbox 1107 1224 1298 1287; x_wconf 89' lang='lat' dir='ltr'>proelio</span> <span class='ocrx_word' id='word_1_80' title='bbox 1333 1223 1584 1287; x_wconf 70' lang='lat' dir='ltr'>fortiorem</span> <span class='ocrx_word' id='word_1_81' title='bbox 1637 1241 1747 1272; x_wconf 92' lang='lat' dir='ltr'>esse</span> <span class='ocrx_word' id='word_1_82' title='bbox 1778 1241 1786 1250; x_wconf 94' lang='lat'><strong>·</strong></span> <span class='ocrx_word' id='word_1_83' title='bbox 1814 1224 1900 1287; x_wconf 91' lang='lat' dir='ltr'>qui</span> 
     </span>
     <span class='ocr_line' id='line_1_14' title="bbox 317 1305 1899 1369; baseline 0.001 -17"><span class='ocrx_word' id='word_1_84' title='bbox 317 1307 566 1369; x_wconf 79' lang='lat' dir='ltr'>‘spoliett</span> <span class='ocrx_word' id='word_1_85' title='bbox 615 1323 739 1353; x_wconf 74' lang='lat' dir='ltr'>nunc</span> <span class='ocrx_word' id='word_1_86' title='bbox 788 1306 853 1353; x_wconf 91' lang='lat' dir='ltr'>ab</span> <span class='ocrx_word' id='word_1_87' title='bbox 890 1306 1084 1369; x_wconf 76' lang='lat' dir='ltr'>ignavis</span> <span class='ocrx_word' id='word_1_88' title='bbox 1132 1305 1431 1369; x_wconf 89' lang='lat' dir='ltr'>plerumque</span> <span class='ocrx_word' id='word_1_89' title='bbox 1479 1315 1528 1354; x_wconf 93' lang='lat' dir='ltr'>et</span> <span class='ocrx_word' id='word_1_90' title='bbox 1577 1306 1899 1354; x_wconf 88' lang='lat' dir='ltr'>imbellibus·</span> 
     </span>
     <span class='ocr_line' id='line_1_15' title="bbox 319 1388 1900 1452; baseline 0.001 -18"><span class='ocrx_word' id='word_1_91' title='bbox 319 1388 471 1451; x_wconf 89' lang='lat' dir='ltr'>‘eripi</span> <span class='ocrx_word' id='word_1_92' title='bbox 514 1388 709 1446; x_wconf 89' lang='lat' dir='ltr'>domos,</span> <span class='ocrx_word' id='word_1_93' title='bbox 748 1388 976 1436; x_wconf 85' lang='lat' dir='ltr'>abstrahi</span> <span class='ocrx_word' id='word_1_94' title='bbox 1010 1388 1209 1446; x_wconf 79' lang='lat' dir='ltr'>liberos,</span> <span class='ocrx_word' id='word_1_95' title='bbox 1249 1389 1445 1452; x_wconf 82' lang='lat' dir='ltr'>injungi</span> <span class='ocrx_word' id='word_1_96' title='bbox 1495 1388 1900 1436; x_wconf 70' lang='lat' dir='ltr'>delecti&#39;is·tam-</span> 
     </span>
     <span class='ocr_line' id='line_1_16' title="bbox 319 1470 1901 1534; baseline 0 -16"><span class='ocrx_word' id='word_1_97' title='bbox 319 1476 503 1534; x_wconf 86' lang='lat' dir='ltr'>‘quam</span> <span class='ocrx_word' id='word_1_98' title='bbox 528 1470 648 1517; x_wconf 74' lang='lat' dir='ltr'>mori</span> <span class='ocrx_word' id='word_1_99' title='bbox 672 1479 873 1518; x_wconf 88' lang='lat' dir='ltr'>tantum</span> <span class='ocrx_word' id='word_1_100' title='bbox 900 1487 990 1533; x_wconf 89' lang='lat' dir='ltr'>pro</span> <span class='ocrx_word' id='word_1_101' title='bbox 1028 1471 1191 1533; x_wconf 88' lang='lat' dir='ltr'>patria</span> <span class='ocrx_word' id='word_1_102' title='bbox 1233 1471 1596 1518; x_wconf 86' lang='lat' dir='ltr'>nescientibus.</span> <span class='ocrx_word' id='word_1_103' title='bbox 1668 1472 1901 1533; x_wconf 71' lang='lat' dir='ltr'>Quantu-</span> 
     </span>
     <span class='ocr_line' id='line_1_17' title="bbox 319 1553 1900 1611; baseline 0.001 -12"><span class='ocrx_word' id='word_1_104' title='bbox 319 1553 452 1600; x_wconf 91' lang='lat' dir='ltr'>‘lum</span> <span class='ocrx_word' id='word_1_105' title='bbox 475 1553 610 1600; x_wconf 92' lang='lat' dir='ltr'>enim</span> <span class='ocrx_word' id='word_1_106' title='bbox 631 1556 872 1600; x_wconf 85' lang='lat' dir='ltr'>transisse</span> <span class='ocrx_word' id='word_1_107' title='bbox 894 1553 1129 1611; x_wconf 77' lang='lat' dir='ltr'>militum,</span> <span class='ocrx_word' id='word_1_108' title='bbox 1151 1553 1190 1600; x_wconf 90' lang='lat' dir='ltr'>si</span> <span class='ocrx_word' id='word_1_109' title='bbox 1212 1569 1321 1600; x_wconf 90' lang='lat' dir='ltr'>sese</span> <span class='ocrx_word' id='word_1_110' title='bbox 1344 1553 1579 1600; x_wconf 82' lang='lat' dir='ltr'>Britanni</span> <span class='ocrx_word' id='word_1_111' title='bbox 1600 1553 1900 1601; x_wconf 87' lang='lat' dir='ltr'>numerent?</span> 
     </span>
     <span class='ocr_line' id='line_1_18' title="bbox 319 1635 1904 1698; baseline 0.001 -16"><span class='ocrx_word' id='word_1_112' title='bbox 319 1640 329 1660; x_wconf 89' lang='lat'>‘</span> <span class='ocrx_word' id='word_1_113' title='bbox 351 1635 438 1683; x_wconf 88' lang='lat' dir='ltr'>Sic</span> <span class='ocrx_word' id='word_1_114' title='bbox 452 1635 754 1683; x_wconf 71' lang='lat' dir='ltr'>Germanias</span> <span class='ocrx_word' id='word_1_115' title='bbox 773 1635 1263 1698; x_wconf 82' lang='lat' dir='ltr'>excussissejugum,</span> <span class='ocrx_word' id='word_1_116' title='bbox 1278 1644 1328 1682; x_wconf 92' lang='lat' dir='ltr'>et</span> <span class='ocrx_word' id='word_1_117' title='bbox 1344 1635 1689 1682; x_wconf 64' lang='lat' dir='ltr'>flfiminenon</span> <span class='ocrx_word' id='word_1_118' title='bbox 1711 1635 1904 1683; x_wconf 81' lang='lat' dir='ltr'>oceano</span> 
     </span>
     <span class='ocr_line' id='line_1_19' title="bbox 320 1717 1903 1781; baseline 0 -16"><span class='ocrx_word' id='word_1_119' title='bbox 320 1717 567 1765; x_wconf 66' lang='lat' dir='ltr'>‘defendi</span> <span class='ocrx_word' id='word_1_120' title='bbox 640 1718 748 1766; x_wconf 86' lang='lat' dir='ltr'>Sibi</span> <span class='ocrx_word' id='word_1_121' title='bbox 774 1718 1021 1780; x_wconf 90' lang='lat' dir='ltr'>patriam·</span> <span class='ocrx_word' id='word_1_122' title='bbox 1044 1718 1315 1781; x_wconf 84' lang='lat' dir='ltr'>conjuges·</span> <span class='ocrx_word' id='word_1_123' title='bbox 1336 1726 1587 1781; x_wconf 86' lang='lat' dir='ltr'>parentes,</span> <span class='ocrx_word' id='word_1_124' title='bbox 1615 1718 1711 1765; x_wconf 82' lang='lat' dir='ltr'>illl&#39;s</span> <span class='ocrx_word' id='word_1_125' title='bbox 1746 1718 1903 1766; x_wconf 89' lang='lat' dir='ltr'>avari-</span> 
     </span>
     <span class='ocr_line' id='line_1_20' title="bbox 320 1800 1904 1859; baseline 0.001 -12"><span class='ocrx_word' id='word_1_126' title='bbox 320 1800 474 1847; x_wconf 87' lang='lat' dir='ltr'>‘tiam</span> <span class='ocrx_word' id='word_1_127' title='bbox 515 1809 565 1847; x_wconf 93' lang='lat' dir='ltr'>et</span> <span class='ocrx_word' id='word_1_128' title='bbox 600 1801 862 1858; x_wconf 83' lang='lat' dir='ltr'>luxuriam,</span> <span class='ocrx_word' id='word_1_129' title='bbox 904 1817 1087 1848; x_wconf 88' lang='lat' dir='ltr'>causas</span> <span class='ocrx_word' id='word_1_130' title='bbox 1130 1800 1249 1848; x_wconf 90' lang='lat' dir='ltr'>belli</span> <span class='ocrx_word' id='word_1_131' title='bbox 1288 1817 1413 1848; x_wconf 89' lang='lat' dir='ltr'>esse.</span> <span class='ocrx_word' id='word_1_132' title='bbox 1487 1800 1809 1859; x_wconf 66' lang='lat' dir='ltr'>Recessfiros,</span> <span class='ocrx_word' id='word_1_133' title='bbox 1848 1808 1904 1848; x_wconf 92' lang='lat' dir='ltr'>ut</span> 
     </span>
     <span class='ocr_line' id='line_1_21' title="bbox 321 1882 1903 1947; baseline 0 -17"><span class='ocrx_word' id='word_1_134' title='bbox 321 1882 496 1930; x_wconf 78' lang='lat' dir='ltr'>‘divus</span> <span class='ocrx_word' id='word_1_135' title='bbox 552 1882 715 1947; x_wconf 68' lang='lat' dir='ltr'>Ji&#39;ilius</span> <span class='ocrx_word' id='word_1_136' title='bbox 775 1884 1082 1940; x_wconf 90' lang='lat' dir='ltr'>recessisset,</span> <span class='ocrx_word' id='word_1_137' title='bbox 1144 1883 1297 1930; x_wconf 93' lang='lat' dir='ltr'>modo</span> <span class='ocrx_word' id='word_1_138' title='bbox 1354 1883 1592 1930; x_wconf 79' lang='lat' dir='ltr'>virtutem</span> <span class='ocrx_word' id='word_1_139' title='bbox 1652 1882 1903 1946; x_wconf 79' lang='lat' dir='ltr'>majerum</span> 
     </span>
     <span class='ocr_line' id='line_1_22' title="bbox 322 1965 1905 2028; baseline 0 -16"><span class='ocrx_word' id='word_1_140' title='bbox 322 1970 557 2012; x_wconf 88' lang='lat' dir='ltr'>‘suorum</span> <span class='ocrx_word' id='word_1_141' title='bbox 584 1965 974 2012; x_wconf 73' lang='lat' dir='ltr'>aemularentur.</span> <span class='ocrx_word' id='word_1_142' title='bbox 1047 1965 1191 2013; x_wconf 88' lang='lat' dir='ltr'>Neve</span> <span class='ocrx_word' id='word_1_143' title='bbox 1208 1966 1384 2028; x_wconf 89' lang='lat' dir='ltr'>proelii</span> <span class='ocrx_word' id='word_1_144' title='bbox 1410 1965 1905 2013; x_wconf 75' lang='lat' dir='ltr'>unfus-aut-alterius</span> 
     </span>
     <span class='ocr_line' id='line_1_23' title="bbox 322 2047 1904 2110; baseline -0.001 -15"><span class='ocrx_word' id='word_1_145' title='bbox 322 2047 537 2095; x_wconf 89' lang='lat' dir='ltr'>‘eventu</span> <span class='ocrx_word' id='word_1_146' title='bbox 596 2056 960 2110; x_wconf 89' lang='lat' dir='ltr'>pavescerent;</span> <span class='ocrx_word' id='word_1_147' title='bbox 1032 2048 1143 2110; x_wconf 74' lang='lat' dir='ltr'>pll&#39;JS</span> <span class='ocrx_word' id='word_1_148' title='bbox 1202 2047 1437 2110; x_wconf 61' lang='lat' dir='ltr'>impetes,</span> <span class='ocrx_word' id='word_1_149' title='bbox 1493 2047 1737 2110; x_wconf 78' lang='lat' dir='ltr'>majerem</span> <span class='ocrx_word' id='word_1_150' title='bbox 1787 2064 1904 2094; x_wconf 91' lang='lat' dir='ltr'>con-</span> 
     </span>
     <span class='ocr_line' id='line_1_24' title="bbox 322 2130 1904 2195; baseline 0 -18"><span class='ocrx_word' id='word_1_151' title='bbox 322 2135 332 2154; x_wconf 95' lang='lat'>‘</span> <span class='ocrx_word' id='word_1_152' title='bbox 351 2130 613 2188; x_wconf 89' lang='lat' dir='ltr'>stantiam,</span> <span class='ocrx_word' id='word_1_153' title='bbox 636 2131 791 2192; x_wconf 73' lang='lat' dir='ltr'>penes</span> <span class='ocrx_word' id='word_1_154' title='bbox 810 2130 1019 2178; x_wconf 92' lang='lat' dir='ltr'>miseros</span> <span class='ocrx_word' id='word_1_155' title='bbox 1040 2147 1166 2178; x_wconf 92' lang='lat' dir='ltr'>esse.</span> <span class='ocrx_word' id='word_1_156' title='bbox 1225 2131 1341 2195; x_wconf 90' lang='lat' dir='ltr'>Jam</span> <span class='ocrx_word' id='word_1_157' title='bbox 1364 2130 1727 2177; x_wconf 82' lang='lat' dir='ltr'>Britannorum</span> <span class='ocrx_word' id='word_1_158' title='bbox 1749 2130 1904 2177; x_wconf 90' lang='lat' dir='ltr'>etiam</span> 
     </span>
     <span class='ocr_line' id='line_1_25' title="bbox 320 2212 1907 2275; baseline 0 -16"><span class='ocrx_word' id='word_1_159' title='bbox 320 2212 453 2260; x_wconf 81' lang='lat' dir='ltr'>‘deos</span> <span class='ocrx_word' id='word_1_160' title='bbox 494 2212 753 2271; x_wconf 89' lang='lat' dir='ltr'>misereri;</span> <span class='ocrx_word' id='word_1_161' title='bbox 817 2213 902 2275; x_wconf 89' lang='lat' dir='ltr'>qui</span> <span class='ocrx_word' id='word_1_162' title='bbox 945 2212 1235 2260; x_wconf 83' lang='lat' dir='ltr'>Romanum</span> <span class='ocrx_word' id='word_1_163' title='bbox 1278 2212 1461 2260; x_wconf 92' lang='lat' dir='ltr'>ducem</span> <span class='ocrx_word' id='word_1_164' title='bbox 1499 2212 1781 2271; x_wconf 91' lang='lat' dir='ltr'>absentem,</span> <span class='ocrx_word' id='word_1_165' title='bbox 1819 2212 1907 2275; x_wconf 91' lang='lat' dir='ltr'>qui</span> 
     </span>
     <span class='ocr_line' id='line_1_26' title="bbox 323 2294 1905 2359; baseline -0.001 -17"><span class='ocrx_word' id='word_1_166' title='bbox 323 2295 630 2359; x_wconf 81' lang='lat' dir='ltr'>‘relegatum</span> <span class='ocrx_word' id='word_1_167' title='bbox 669 2296 720 2342; x_wconf 92' lang='lat' dir='ltr'>in</span> <span class='ocrx_word' id='word_1_168' title='bbox 757 2295 855 2342; x_wconf 89' lang='lat' dir='ltr'>alia</span> <span class='ocrx_word' id='word_1_169' title='bbox 894 2295 1059 2343; x_wconf 90' lang='lat' dir='ltr'>insula</span> <span class='ocrx_word' id='word_1_170' title='bbox 1093 2295 1385 2353; x_wconf 85' lang='lat' dir='ltr'>exercitum,</span> <span class='ocrx_word' id='word_1_171' title='bbox 1430 2294 1747 2342; x_wconf 74' lang='lat' dir='ltr'>detinerent:</span> <span class='ocrx_word' id='word_1_172' title='bbox 1797 2294 1905 2357; x_wconf 89' lang='lat' dir='ltr'>jam</span> 
     </span>
     <span class='ocr_line' id='line_1_27' title="bbox 323 2377 1905 2441; baseline -0.001 -16"><span class='ocrx_word' id='word_1_173' title='bbox 323 2378 504 2441; x_wconf 88' lang='lat' dir='ltr'>‘ipsos,</span> <span class='ocrx_word' id='word_1_174' title='bbox 531 2378 671 2441; x_wconf 90' lang='lat' dir='ltr'>quod</span> <span class='ocrx_word' id='word_1_175' title='bbox 706 2377 1062 2425; x_wconf 86' lang='lat' dir='ltr'>difficillimum</span> <span class='ocrx_word' id='word_1_176' title='bbox 1103 2377 1267 2436; x_wconf 89' lang='lat' dir='ltr'>fuerit,</span> <span class='ocrx_word' id='word_1_177' title='bbox 1308 2377 1600 2425; x_wconf 79' lang='lat' dir='ltr'>deliberare.</span> <span class='ocrx_word' id='word_1_178' title='bbox 1673 2378 1829 2425; x_wconf 90' lang='lat' dir='ltr'>Porro</span> <span class='ocrx_word' id='word_1_179' title='bbox 1855 2377 1905 2424; x_wconf 90' lang='lat' dir='ltr'>in</span> 
     </span>
     <span class='ocr_line' id='line_1_28' title="bbox 325 2459 1905 2524; baseline -0.001 -16"><span class='ocrx_word' id='word_1_180' title='bbox 325 2460 607 2524; x_wconf 87' lang='lat' dir='ltr'>‘ejusmodi</span> <span class='ocrx_word' id='word_1_181' title='bbox 634 2461 870 2518; x_wconf 87' lang='lat' dir='ltr'>consiliis,</span> <span class='ocrx_word' id='word_1_182' title='bbox 892 2460 1223 2523; x_wconf 79' lang='lat' dir='ltr'>periculosius</span> <span class='ocrx_word' id='word_1_183' title='bbox 1249 2477 1359 2508; x_wconf 90' lang='lat' dir='ltr'>esse</span> <span class='ocrx_word' id='word_1_184' title='bbox 1385 2459 1698 2524; x_wconf 88' lang='lat' dir='ltr'>deprehendi</span> <span class='ocrx_word' id='word_1_185' title='bbox 1721 2460 1905 2524; x_wconf 77' lang='lat' dir='ltr'>&#39;quam</span> 
     </span>
     <span class='ocr_line' id='line_1_29' title="bbox 323 2542 571 2591; baseline -0.008 0"><span class='ocrx_word' id='word_1_186' title='bbox 323 2542 571 2591; x_wconf 70' lang='lat' dir='ltr'>‘audere’</span> 
     </span>
    </p>
   </div>
   <div class='ocr_carea' id='block_1_3' title="bbox 324 2674 1908 3058">
    <p class='ocr_par' dir='ltr' id='par_1_3' title="bbox 324 2674 1908 2986">
     <span class='ocr_line' id='line_1_30' title="bbox 456 2674 1907 2737; baseline -0.001 -15"><span class='ocrx_word' id='word_1_187' title='bbox 456 2675 596 2722; x_wconf 91' lang='lat' dir='ltr'><strong>XVI.</strong></span> <span class='ocrx_word' id='word_1_188' title='bbox 670 2675 767 2721; x_wconf 75' lang='lat' dir='ltr'>His</span> <span class='ocrx_word' id='word_1_189' title='bbox 792 2683 946 2737; x_wconf 88' lang='lat' dir='ltr'>atque</span> <span class='ocrx_word' id='word_1_190' title='bbox 983 2674 1170 2721; x_wconf 87' lang='lat' dir='ltr'>talibus</span> <span class='ocrx_word' id='word_1_191' title='bbox 1213 2674 1431 2721; x_wconf 85' lang='lat' dir='ltr'>invicem</span> <span class='ocrx_word' id='word_1_192' title='bbox 1470 2674 1907 2722; x_wconf 78' lang='lat' dir='ltr'>instincti—Bou-</span> 
     </span>
     <span class='ocr_line' id='line_1_31' title="bbox 324 2755 1906 2821; baseline -0.004 -13"><span class='ocrx_word' id='word_1_193' title='bbox 324 2758 484 2816; x_wconf 89' lang='lat' dir='ltr'>dicea,</span> <span class='ocrx_word' id='word_1_194' title='bbox 521 2758 718 2821; x_wconf 83' lang='lat' dir='ltr'>generis</span> <span class='ocrx_word' id='word_1_195' title='bbox 755 2756 875 2820; x_wconf 84' lang='lat' dir='ltr'>regii</span> <span class='ocrx_word' id='word_1_196' title='bbox 912 2756 1112 2814; x_wconf 88' lang='lat' dir='ltr'>femina,</span> <span class='ocrx_word' id='word_1_197' title='bbox 1151 2756 1281 2804; x_wconf 91' lang='lat' dir='ltr'>duce</span> <span class='ocrx_word' id='word_1_198' title='bbox 1329 2755 1518 2820; x_wconf 90' lang='lat' dir='ltr'>(neque</span> <span class='ocrx_word' id='word_1_199' title='bbox 1558 2757 1692 2804; x_wconf 91' lang='lat' dir='ltr'>enim</span> <span class='ocrx_word' id='word_1_200' title='bbox 1731 2772 1906 2803; x_wconf 82' lang='lat' dir='ltr'>sexum</span> 
     </span>
     <span class='ocr_line' id='line_1_32' title="bbox 324 2837 1904 2903; baseline -0.002 -15"><span class='ocrx_word' id='word_1_201' title='bbox 324 2842 375 2889; x_wconf 93' lang='lat' dir='ltr'>in</span> <span class='ocrx_word' id='word_1_202' title='bbox 424 2840 647 2903; x_wconf 89' lang='lat' dir='ltr'>imperiis</span> <span class='ocrx_word' id='word_1_203' title='bbox 706 2838 1353 2902; x_wconf 89' lang='lat' dir='ltr'>discernunt)—sumpsere</span> <span class='ocrx_word' id='word_1_204' title='bbox 1411 2838 1629 2886; x_wconf 77' lang='lat' dir='ltr'>universi</span> <span class='ocrx_word' id='word_1_205' title='bbox 1682 2837 1904 2896; x_wconf 88' lang='lat' dir='ltr'>bellum;</span> 
     </span>
     <span class='ocr_line' id='line_1_33' title="bbox 325 2919 1908 2986; baseline -0.003 -15"><span class='ocrx_word' id='word_1_206' title='bbox 325 2940 386 2972; x_wconf 89' lang='lat' dir='ltr'>ac</span> <span class='ocrx_word' id='word_1_207' title='bbox 423 2939 625 2986; x_wconf 89' lang='lat' dir='ltr'>sparsos</span> <span class='ocrx_word' id='word_1_208' title='bbox 662 2938 750 2985; x_wconf 91' lang='lat' dir='ltr'>per</span> <span class='ocrx_word' id='word_1_209' title='bbox 776 2921 988 2969; x_wconf 89' lang='lat' dir='ltr'>castella</span> <span class='ocrx_word' id='word_1_210' title='bbox 1024 2921 1244 2968; x_wconf 74' lang='lat' dir='ltr'>milites·</span> <span class='ocrx_word' id='word_1_211' title='bbox 1269 2920 1566 2979; x_wconf 88' lang='lat' dir='ltr'>consectati,</span> <span class='ocrx_word' id='word_1_212' title='bbox 1608 2919 1908 2983; x_wconf 76' lang='lat' dir='ltr'>expugnatis</span> 
     </span>
    </p>

    <p class='ocr_par' dir='ltr' id='par_1_4' title="bbox 1100 3020 1147 3058">
     <span class='ocr_line' id='line_1_34' title="bbox 1100 3020 1147 3058; baseline 0.021 -1"><span class='ocrx_word' id='word_1_213' title='bbox 1100 3020 1147 3058; x_wconf 90' lang='lat'>18</span> 
     </span>
    </p>
   </div>
  </div>
 </body>
</html>
