2045 3294
318 242 345 263 “
363 238 518 285 decus
541 255 550 263 ·
573 238 753 286 eodem
779 238 892 286 loco
918 238 1016 286 sita
1041 250 1158 285 sunt
1181 256 1191 296 ;
1231 254 1324 285 nec
1350 236 1617 302 inglerium
1654 236 1817 296 fuerit,
1844 237 1894 284 in

317 320 471 382 “ipso
497 320 742 367 terrarum
769 337 828 368 ac
854 320 1064 369 naturae
1090 319 1189 368 fine
1223 319 1482 368 cecidisse.

448 402 688 449 XXXIV.
762 407 788 428 “
807 402 863 451 Si
883 418 1044 450 novae
1059 409 1238 465 gentes
1258 408 1413 464 atque
1433 400 1608 465 igneta
1626 401 1761 449 acies
1779 417 1897 448 con-

317 483 593 542 “stitisset‚
633 484 846 532 aliorum
884 483 1195 531 exercituum
1233 483 1475 546 exemplis
1512 499 1602 530 vos
1639 482 1896 530 hortarer:

319 570 346 590 “
369 582 503 613 nunc
528 576 697 614 vestra
722 566 906 614 decora
943 564 1217 623 recensete,
1243 572 1438 612 vestros
1477 565 1651 612 oculos
1690 564 1897 612 interro-

320 647 501 710 “gate
577 649 617 695 Ii
644 656 778 706 sunt,
814 665 942 710 quos
981 647 1209 710 proximo
1256 663 1406 705 anno,
1450 646 1604 694 unam
1648 646 1898 709 legionem

319 734 345 755 “
367 729 500 777 furto
525 730 689 777 noctis
715 746 996 793 aggressos,
1025 728 1244 776 clamere
1270 727 1565 776 debellastis
1588 745 1598 787 ;
1648 727 1681 775 ii
1703 744 1711 753 ·
1733 735 1900 775 caete-

320 812 534 859 “rorum
584 811 947 860 Britannerum
1007 811 1332 874 fugacissimi,
1394 810 1611 874 ideoque
1658 818 1765 857 tam
1813 809 1900 856 diu

319 898 345 919 “
365 894 678 958 superstites.
740 893 1014 956 Quemodo
1031 894 1182 940 silvas
1199 892 1460 956 saltusque
1480 891 1869 956 penetrantibus
1889 907 1899 916 ·

319 975 678 1040 “fortissimzmz
716 976 958 1039 quodque
996 976 1185 1023 animal
1228 975 1404 1023 contra
1442 991 1600 1033 ruere,
1636 973 1815 1038 pavida
1851 982 1902 1021 et

321 1058 701 1122 “inertiwipso
764 1058 981 1121 agminis
1041 1074 1166 1105 sono
1214 1058 1503 1120 pelluntur:
1565 1057 1637 1104 sic
1683 1053 1903 1103 dcewimi

319 1140 733 1188 “Britannerum
777 1140 884 1203 jam
934 1139 1128 1202 pridem
1178 1138 1505 1197 ceciderunt;
1561 1139 1783 1201 reliquus
1826 1145 1903 1186 est

319 1228 346 1248 “
369 1239 607 1271 numerus
627 1220 907 1285 ignciverum
928 1230 978 1269 et
997 1221 1313 1269 metuentium.
1374 1222 1516 1284 Quos
1533 1220 1672 1283 quod
1691 1219 1901 1268 tandem

318 1304 646 1363 “invenistis,
719 1321 819 1352 non
889 1302 1178 1362 restiterunt,
1251 1303 1341 1351 sed
1410 1301 1682 1368 deprehensi
1750 1307 1860 1349 sunt
1886 1318 1901 1348 .·

321 1392 346 1412 “
370 1387 676 1435 novissimae
703 1404 779 1434 res
806 1403 922 1434 cum
961 1385 1186 1434 extremo
1225 1385 1391 1433 metus
1430 1385 1632 1449 torpere
1654 1401 1663 1410 ·
1685 1383 1902 1432 defixere

322 1475 349 1495 ‘⁴
369 1470 530 1517 aciem
550 1471 598 1516 in
617 1470 693 1518 hl's
710 1469 949 1532 vestigiis,
962 1469 1011 1516 in
1023 1468 1207 1532 quibus
1219 1469 1483 1532 pulchram
1501 1476 1551 1516 et
1568 1466 1902 1531 spectabilem

321 1552 629 1600 “victeriam
671 1551 902 1599 ederetis.
976 1551 1267 1614 Transigite
1307 1568 1422 1598 cum
1463 1549 1902 1613 expeditionibus:

322 1633 614 1697 “imponite
663 1634 1033 1697 quinquaginta
1094 1635 1536 1696 annis·magnum
1586 1632 1754 1679 diem:
1816 1648 1903 1693 ap-

321 1716 577 1779 “probate
629 1717 976 1779 rei-publicae,
1019 1722 1320 1778 ‘nunquam
1371 1715 1611 1762 exercitui
1665 1713 1903 1777 imputari

321 1799 595 1862 “potuisse
616 1816 624 1824 ·
645 1808 733 1846 aut
760 1816 926 1846 moras
953 1798 1087 1856 belli,
1115 1807 1203 1845 aut
1229 1814 1410 1845 causas
1438 1797 1718 1845 rebellandi
1741 1799 1805 1843 ’.''

453 1882 665 1929 XXXV.
739 1882 808 1929 Et
851 1881 1144 1944 alloquente
1187 1881 1356 1927 adhuc
1398 1879 1647 1943 Agricola,
1685 1879 1903 1925 militum

322 1964 472 2011 ardor
508 1963 797 2011 eminebat:
860 1972 910 2011 et
952 1963 1104 2010 finem
1155 1963 1395 2010 erationis
1442 1963 1619 2025 ingens
1668 1961 1905 2008 alacritas

323 2046 599 2094 consecuta
657 2055 749 2104 est,
812 2046 1089 2107 statimque
1138 2045 1202 2093 ad
1262 2062 1403 2093 arma
1450 2044 1749 2092 discursum.
1823 2043 1903 2089 In-

323 2128 537 2176 stinctos
582 2137 888 2190 ruentesque
928 2128 1001 2176 ita
1039 2127 1306 2191 disposuit,
1358 2136 1412 2174 ut
1451 2126 1682 2190 peditum
1721 2125 1906 2173 auxilia

327 2210 476 2274 (quae
524 2219 642 2258 octo
690 2211 904 2257 millium
953 2209 1120 2273 erant)
1159 2209 1382 2256 mediam
1426 2209 1588 2256 aciem
1632 2206 1904 2263 firmarent,

324 2293 553 2356 equitum
580 2293 676 2340 tria
701 2293 860 2340 millia
882 2310 891 2318 ·
913 2291 1150 2340 cornibus
1184 2291 1578 2339 affunderentur.
1652 2289 1906 2352 Legiones

324 2391 414 2438 pro
438 2375 573 2422 vallo
599 2374 785 2422 stetere
806 2375 1065 2438 :—ingens
1090 2373 1332 2421 victeriae
1359 2373 1514 2420 decus
1537 2389 1545 2397 ·
1569 2372 1693 2419 citra
1720 2370 1905 2418 Rema-

325 2474 446 2504 num
485 2457 784 2520 sanguinem
824 2456 1065 2514 bellandi,
1104 2465 1154 2503 et
1191 2456 1470 2503 auxilium·
1499 2455 1539 2501 si
1581 2454 1904 2517 pellerentur.

327 2539 691 2587 Britannorum
731 2539 988 2587 acies—in
1033 2539 1254 2602 speciem
1312 2537 1547 2585 simul-ac
1599 2535 1907 2584 terrerem—

325 2621 622 2669 editioribus
662 2622 784 2668 locis
824 2621 1153 2679 constiterat3
1210 2621 1280 2668 ita
1323 2628 1377 2667 ut
1425 2621 1642 2682 primum
1692 2632 1905 2681 agmen·

325 2721 507 2767 aequo,
536 2704 723 2752 caeteri
749 2720 838 2771 per
863 2703 1053 2751 acclive
1089 2702 1267 2765 jugum
1308 2702 1517 2749 convexi
1541 2717 1549 2726 ·
1570 2701 1708 2748 velut
1747 2700 1905 2746 insur-

323 2797 528 2851 gerent:
582 2786 751 2834 media
798 2784 1343 2849 campi covinnarius
1383 2785 1537 2847 eques
1593 2782 1807 2845 strepitu
1847 2798 1906 2828 ac

325 2869 554 2917 discursu
573 2868 880 2931 complebat.
930 2867 1068 2915 Tum
1086 2867 1664 2930 Agricola—superante
1684 2863 1907 2911 hostium

324 2951 651 2998 multitudine
679 2951 883 3008 veritus,
912 2966 975 2997 ne
1007 2949 1157 2996 simul
1177 2949 1227 2995 in
1248 2948 1465 2996 frontem
1486 2964 1495 2973 ·
1515 2947 1664 2994 simul
1681 2946 1731 2993 in
1749 2946 1908 2993 latera

1094 3060 1145 3097 30
