2045 3294
459 237 719 287 Quinimmo,
763 237 987 276 nonnullae
1030 242 1126 276 sunt
1170 237 1669 276 consuetudines-dicendi
1717 239 1924 289 antiquae,

348 315 455 352 quae
486 316 567 342 non
597 308 771 352 possunt
798 301 922 342 n6bis
949 316 1031 342 non
1059 305 1255 353 apparere
1282 303 1471 343 insolitae
1493 316 1502 325 ·
1525 316 1656 353 eoque
1682 303 1924 353 asperiores.

351 368 494 418 Hujus
541 369 704 419 generis
752 374 848 408 sunt
896 369 1079 418 prolixae
1128 369 1221 408 illae
1270 373 1293 390 “
1314 369 1494 408 &rationes
1541 370 1705 419 obliquae
1727 370 1782 415 ”;
1831 369 1923 408 dein

348 435 522 484 “supina
538 435 575 481 '’,
620 433 814 486 infinitivi
856 434 1022 473 historici
1048 436 1085 481 ’',
1145 439 1231 473 “ut
1267 439 1351 485 post
1391 435 1515 473 verbm
1557 435 1839 482 ‘timendi”’,
1884 442 1925 474 et

348 500 479 540 multa
507 500 613 540 alia:
646 503 826 551 querum
858 502 981 540 usum
1011 501 1160 540 melius
1189 501 1294 540 foret
1326 513 1334 523 ·
1367 501 1433 540 vel
1472 502 1524 540 ad
1560 514 1694 551 pauca
1727 501 1926 541 idiomata

348 567 545 617 redigere,
575 567 642 605 vel
671 580 696 606 a
723 567 887 618 loquela
916 569 1058 606 nostra
1088 566 1261 606 omnino
1291 568 1495 618 ablegare.
1555 567 1671 606 Bene
1701 568 1786 606 scio
1815 568 1925 618 qubd

349 633 479 679 multi,
510 634 629 683 eique
660 633 838 672 Latinae
868 633 1033 684 linguae
1064 633 1315 683 peritissimi,
1347 635 1513 672 strenue
1543 635 1813 684 repugnaturi
1843 633 1925 672 sint

348 700 578 738 sententiae
601 706 717 738 ‘tam
749 699 909 738 “bonis
940 700 1121 746 literis'',
1153 705 1239 738 tam
1271 699 1473 749 exemplis
1503 699 1697 738 omnibus
1727 700 1926 750 antiquis,

349 764 519 803 alienae.
579 765 642 804 Sit
677 765 770 803 ita:
825 771 867 804 at
907 778 1038 816 usque
1061 765 1249 815 'absque
1288 765 1371 803 ulla
1410 765 1667 804 dubitatione
1720 767 1925 812 assevero,

347 831 457 882 quod
508 831 604 870 talis
661 831 918 870 eruditarum
976 831 1143 870 habitus
1166 843 1174 852 ·
1195 831 1441 881 jamdudum
1503 831 1750 870 institutioni
1803 834 1926 870 verae

348 897 628 947 maximopere
671 896 890 936 obstiterit.
950 897 994 936 Si
1040 897 1150 935 enim
1199 898 1436 936 consideres
1479 910 1562 947 quo
1605 904 1729 946 pacto
1771 897 1927 935 alumni

345 963 580 1002 scholarum
623 964 952 1001 nostrarum-ad
997 963 1195 1002 Latinam
1238 963 1523 1013 accipiendam
1563 964 1778 1008 ducantur,
1817 964 1927 1002 haud

347 1029 466 1068 facile
500 1035 541 1068 te
575 1042 600 1068 a
634 1030 793 1067 surrisu
832 1028 1074 1068 continebis.
1134 1030 1273 1079 Quam
1313 1042 1447 1079 pauca
1485 1029 1759 1080 perlegenda!
1801 1042 1927 1079 quam

349 1095 480 1134 multa
522 1095 1096 1146 adnotanda—-grammatica,
1141 1095 1401 1146 philologica,
1441 1095 1651 1142 historica,
1692 1095 1848 1142 critica,
1888 1102 1928 1134 et

349 1162 609 1212 nescio-quot
638 1161 787 1210 plura!
850 1161 1067 1212 Numquid
1096 1162 1292 1199 nostratem
1327 1162 1513 1212 linguam
1543 1163 1670 1200 tantis
1701 1161 1924 1200 suderibus

348 1227 600 1266 ediscimus?
673 1227 847 1264 Minime
886 1227 1067 1278 quidem,
1109 1234 1155 1266 ut
1194 1229 1352 1278 opinor.
1411 1227 1479 1265 Ab
1517 1227 1780 1266 incunabulis
1818 1227 1927 1265 enim

347 1293 522 1332 audiendo
554 1306 562 1315 ·
594 1293 797 1332 sermenis
864 1293 1104 1332 facultatem
1172 1293 1442 1344 acquirimus,
1493 1293 1724 1333 senioribus
1773 1294 1928 1332 interea

348 1360 534 1410 loquelae
558 1365 724 1398 nostrae
755 1360 906 1398 menda
931 1359 1259 1410 corrigentibus:
1290 1359 1451 1406 deinde,
1478 1365 1617 1399 mente
1643 1360 1925 1406 corroborata,

348 1426 479 1464 multa
527 1425 693 1464 diversa
737 1425 914 1475 legionum
967 1431 1007 1464 et
1047 1427 1292 1476 nescio-qui,
1344 1427 1562 1475 perpaucis
1612 1425 1765 1475 regulis
1803 1425 1926 1472 enixi,

345 1491 439 1530 stilo
469 1492 652 1541 potimur
682 1491 782 1529 satis
813 1491 949 1529 lucido
981 1504 989 1512 ·
1021 1497 1146 1542 atque
1187 1492 1297 1530 haud
1332 1492 1390 1531 ita
1421 1491 1529 1530 male
1559 1491 1755 1541 expolito.
1815 1490 1928 1542 Quid

347 1557 475 1609 ergo?
536 1557 688 1596 Nonne
727 1563 890 1606 oportet
929 1570 1004 1596 nos
1027 1570 1035 1579 ·
1057 1558 1243 1609 linguam
1282 1558 1514 1608 quamlibet
1553 1558 1677 1596 aliam
1717 1558 1928 1596 addiscere

347 1625 493 1663 eadem
535 1625 706 1670 ratione,
747 1626 830 1674 qua
871 1626 1124 1670 nostratem;
1167 1624 1243 1663 etsi
1286 1625 1357 1663 illa
1400 1637 1482 1663 non
1527 1624 1707 1674 amplius
1751 1623 1792 1662 in
1837 1624 1928 1663 foro

347 1691 573 1731 audiatur?
634 1691 690 1729 Et
729 1703 866 1729 nonne
906 1704 1074 1740 prorsus
1113 1698 1174 1730 est
1215 1691 1452 1737 ridiculum,
1486 1697 1666 1730 mentem
1701 1690 1927 1740 juvenilem

346 1759 536 1809 saginare
577 1756 637 1807 (ut
677 1757 735 1795 ita
773 1757 926 1807 dicam)
972 1757 1158 1795 minutiis
1202 1757 1283 1796 illis
1327 1757 1520 1795 literariis
1563 1757 1704 1808 (quam
1746 1758 1927 1807 primum

347 1825 490 1874 postea
521 1822 810 1873 respuendis);
855 1829 894 1861 et
924 1836 1005 1861 non
1037 1823 1173 1873 potius
1208 1823 1463 1862 alacritatem
1495 1824 1703 1873 quandam
1734 1822 1927 1868 excitare,

346 1891 398 1929 ad
413 1891 647 1928 sermenem
668 1888 911 1927 familiarem
926 1902 934 1910 ·
950 1889 1170 1941 ipsumque
1192 1889 1357 1941 linguae
1377 1889 1543 1940 genium
1566 1889 1925 1939 conquirendum?

348 1957 403 1995 At
434 1957 593 1994 dicetur
624 1955 813 2001 forsitan,
845 1955 955 2005 quod
985 1955 1054 1993 vix
1086 1955 1193 1994 ullus
1219 1956 1283 1994 his
1311 1955 1569 2006 temporibus
1592 1969 1599 1976 ·
1624 1955 1775 1993 Latine
1803 1962 1927 2006 queat

345 2023 627 2061 sermecinari.
687 2021 784 2060 Sine
806 2021 955 2060 dubio:
986 2028 1028 2060 at
1049 2035 1130 2060 non
1153 2035 1313 2072 semper
1336 2021 1813 2072 Latinam-loquentium
1833 2021 1928 2060 talis

346 2088 518 2139 penuria
560 2089 635 2126 fuit
673 2100 679 2125 :
732 2093 772 2126 et
815 2089 926 2138 quod
969 2090 1092 2126 antea
1134 2088 1301 2127 solitum
1343 2093 1405 2127 est
1429 2089 1658 2126 ‘nimirum
1701 2101 1843 2126 rursus
1885 2088 1927 2125 in

346 2158 468 2194 usum
498 2156 763 2193 communem
794 2153 980 2192 adhiberi
1010 2154 1171 2204 poterit.
1232 2154 1342 2205 Quid
1373 2168 1478 2204 opus
1509 2160 1570 2193 est
1600 2167 1607 2175 ·
1636 2154 1791 2192 Erasmi
1818 2154 1927 2192 illius

349 2221 543 2272 (exempli
573 2220 722 2271 gratia)
756 2220 1008 2259 mentionem
1041 2221 1204 2266 facere;
1235 2221 1305 2272 qui
1336 2227 1422 2260 tam
1453 2220 1669 2270 insigniter
1694 2233 1702 2241 ·
1728 2220 1925 2259 Latinam

347 2288 533 2339 linguam
561 2286 614 2325 ab
642 2286 889 2336 antiquitate
917 2287 1091 2333 reduxit,
1120 2293 1159 2326 et
1194 2288 1244 2326 ad
1280 2294 1469 2337 tempora
1503 2289 1664 2325 mutata
1693 2300 1924 2325 accommo-

347 2353 484 2399 davit3
517 2353 720 2403 cujusque
744 2352 960 2402 Epistolae
983 2356 1115 2403 (tanta
1144 2353 1331 2392 ubertate
1354 2366 1362 2375 ·
1385 2353 1613 2392 festivitate
1637 2365 1645 2373 ·
1670 2352 1928 2391 humanitate

345 2421 529 2471 ornatae)
554 2432 626 2469 pro
657 2419 789 2458 bonae
822 2419 1064 2458 Latinitatis
1095 2420 1403 2469 exemplaribus
1434 2432 1598 2469 semper
1629 2418 1924 2457 habebuntur?

458 2485 583 2524 Multi
612 2491 752 2524 autern
782 2485 848 2523 his
878 2487 1030 2524 nostris
1070 2485 1217 2525 diebus
1246 2499 1355 2524 novas
1385 2486 1588 2537 quasdam
1619 2485 1781 2536 linguas
1811 2485 1924 2523 iden-

346 2553 475 2592 tidem
523 2551 1125 2601 ediderunt—simplicissime
1176 2552 1341 2603 quidem
1390 2557 1775 2600 exstructas—per
1823 2565 1927 2602 quas

348 2618 573 2670 sperabant
610 2630 618 2638 ·
655 2624 800 2668 gentes
841 2631 985 2657 omnes
1030 2618 1196 2657 vinculo
1241 2618 1437 2669 quapiam
1484 2617 1631 2668 (quum
1675 2618 1927 2664 commercii,

346 2693 436 2725 tum
466 2683 690 2734 amicitiae)
715 2684 966 2722 consociare.
1025 2685 1327 2723 Verumtamen
1357 2685 1422 2722 his
1448 2683 1642 2722 omnibus
1669 2683 1889 2722 cenatibus
1918 2697 1926 2705 ·

347 2755 430 2791 una
469 2750 691 2789 difficultas
731 2749 913 2788 maxima
944 2750 1142 2789 inhaeret.
1205 2751 1337 2788 Deest
1373 2750 1482 2788 enim
1514 2764 1535 2788 e
1570 2749 1928 2788 necessitate-illa

348 2830 507 2864 norma,
528 2817 594 2855 vel
619 2817 885 2867 antiquorum
910 2816 1158 2866 scripterum
1186 2817 1455 2862 consuetudo,
1478 2829 1585 2866 quae
1611 2815 1700 2854 sela
1724 2816 1928 2855 refrenare

347 2884 477 2936 possit
499 2897 507 2905 ·
530 2883 766 2934 linguarum
805 2882 992 2921 omnium
1021 2883 1072 2922 ad
1101 2883 1306 2934 quotlibet
1331 2882 1581 2921 variationes
1608 2882 1925 2932 preclivitatem.

349 2951 571 3003 Quemodo
629 2961 724 3000 ergo
783 2948 869 2988 fieri
928 2949 1091 2998 poterit,
1142 2950 1367 3000 queminus
1416 2948 1539 2988 aliam
1588 2948 1653 2987 hic
1680 2961 1687 2969 ·
1715 2948 1925 2987 meliorem

1133 3049 1156 3086 6
